@article{diamond13,
	author = {Adele Diamond},
	title = {Executive Functions},
	journal = {Annual Review of Psychology},
	year = {2013},
	volume = {64},
	pages = {135--168}
}

@article{tan12,
	author = {Andy Tan},
	title = {Through the drinking glass: An analysis of the cultural meanings of college drinking},
	journal = {Journal of Youth Studies},
	year = {2012},
	volume = {15},
	number = {1},
	pages = {119-142}
}